@Misc{burger2002unifyinglanguage,
  author = 	 {Burger, Alexander},
  title = 	 {{A Unifying Language for Database And User Interface
                  Development}},
  howpublished = {\url{http://software-lab.de/dbui.html}},
  year = 	 2002,
  note = 	 {[Online; accessed 03-June-2011]}}

@Misc{burger2006radicalapproach,
  author = 	 {Burger, Alexander},
  title = 	 {{Pico Lisp - A Radical Approach to Application Development}},
  howpublished = {\url{http://software-lab.de/radical.pdf}},
  year = 	 2006,
  note = 	 {[Online; accessed 03-June-2011]}}

@Misc{burger2010appldevelop,
  author = 	 {Burger, Alexander},
  title = 	 {{PicoLisp Application Development}},
  howpublished = {\url{http://software-lab.de/doc/app.html}},
  year = 	 2010,
  note = 	 {[Online; accessed 03-June-2011]}}

@Misc{burger2010needspeed,
  author = 	 {Burger, Alexander},
  title = 	 {{Need for Speed}},
  howpublished = {\url{http://picolisp.com/5000/-2-F.html}},
  year = 	 2010,
  note = 	 {[Online; accessed 03-June-2011]}}

@Misc{burger2010picolispreference,
  author = 	 {Burger, Alexander},
  title = 	 {{The PicoLisp Reference}},
  howpublished = {\url{http://software-lab.de/doc/ref.html}},
  year = 	 2010,
  note = 	 {[Online; accessed 03-June-2011]}}

@Misc{burger2010picolisptutorial,
  author = 	 {Burger, Alexander},
  title = 	 {{A PicoLisp Tutorial}},
  howpublished = {\url{http://software-lab.de/doc/tut.html}},
  year = 	 2010,
  note = 	 {[Online; accessed 03-June-2011]}}

@Misc{burger2011picolispwiki,
  author = 	 {Burger, Alexander},
  title = 	 {{Picolisp: The Scalpel of Programming}},
  howpublished = {\url{http://picolisp.com/5000/-2.html}},
  year = 	 2011,
  note = 	 {[Online; accessed 03-June-2011]}}


@Misc{graham2001beingpopular,
  author =	 {Graham, Paul},
  title =	 {{Being Popular}},
  howpublished = {\url{http://www.paulgraham.com/popular.html}},
  year =	 2001,
  note =	 {[Online; accessed 21-July-2011]}
}

@Misc{graham2002revengenerds,
  author = 	 {Graham, Paul},
  title = 	 {{Revenge of the Nerds}},
  howpublished = {\url{http://www.paulgraham.com/icad.html}},
  year = 	 2002,
  note = 	 {[Online; accessed 02-June-2011]}}

@Misc{graham2003hundredyear,
  author = 	 {Graham, Paul},
  title = 	 {{The Hundred-Year Language}},
  howpublished = {\url{http://www.paulgraham.com/hundred.html}},
  year = 	 2003,
  note = 	 {[Online; accessed 02-June-2011]}}

@Misc{burger2012picolispdown,
  author = 	 {Burger, Alexander},
  title = 	 {{Pico Lisp Download}},
  howpublished = {\url{http://www.software-lab.de/down.html}},
  year = 	 2012,
  note = 	 {[Online; accessed 03-June-2011]}}
